<record><leader>00000cas a2200000 a 4500</leader><controlfield tag="001">12196016</controlfield><controlfield tag="008">850625d18851889ksudr ne      0    0eng d</controlfield><datafield ind1=" " ind2=" " tag="010"><subfield code="a">sn 85031371 </subfield></datafield><datafield ind1=" " ind2=" " tag="040"><subfield code="a">KSH</subfield><subfield code="b">eng</subfield><subfield code="c">KSH</subfield><subfield code="d">NPT</subfield><subfield code="d">OCL</subfield><subfield code="d">OCLCQ</subfield></datafield><datafield ind1=" " ind2=" " tag="042"><subfield code="a">msc</subfield></datafield><datafield ind1="0" ind2="0" tag="245"><subfield code="a">Daily globe and torch.</subfield></datafield><datafield ind1="1" ind2="3" tag="246"><subfield code="a">Globe and torch</subfield><subfield code="f">May 16, 1885</subfield></datafield><datafield ind1=" " ind2=" " tag="260"><subfield code="a">Cherryvale, Kan. :</subfield><subfield code="b">Buffington &amp; Williams,</subfield><subfield code="c">1885-1889.</subfield></datafield><datafield ind1=" " ind2=" " tag="300"><subfield code="a">3 v. ;</subfield><subfield code="c">32-49 cm.</subfield></datafield><datafield ind1=" " ind2=" " tag="310"><subfield code="a">Daily (except Sunday)</subfield></datafield><datafield ind1="0" ind2=" " tag="362"><subfield code="a">Vol. 1, no. 1 (May 16, 1885)-v. 3, no. 23 (Jan. 12, 1889).</subfield></datafield><datafield ind1=" " ind2=" " tag="500"><subfield code="a">Published by: Buffington &amp; Tyler, Sept. 28, 1885-May 19, 1886; C.P. Buffington, May 20-Sept. 1886; Globe &amp; Torch Printing Co., Sept. 1886-June 4, 1887; Republican Pub. Co., Dec. 10, 1888-Jan. 12, 1889.</subfield></datafield><datafield ind1=" " ind2=" " tag="515"><subfield code="a">Suspended with June 4, 1887 issue; resumed with Dec. 10, 1888 issue.</subfield></datafield><datafield ind1=" " ind2=" " tag="580"><subfield code="a">Issued also in a weekly edition called: Cherryvale globe and torch.</subfield></datafield><datafield ind1=" " ind2=" " tag="580"><subfield code="a">Absorbed: Daily clarion (non-extant).</subfield></datafield><datafield ind1="1" ind2=" " tag="775"><subfield code="t">Cherryvale globe and torch</subfield><subfield code="w">(DLC)sn 85031355</subfield></datafield><datafield ind1="0" ind2="5" tag="780"><subfield code="t">Daily cent</subfield><subfield code="g">Dec. 17, 1888</subfield><subfield code="w">(DLC)sn 85030438</subfield></datafield><datafield ind1="1" ind2="5" tag="780"><subfield code="t">Daily clarion</subfield><subfield code="g">Oct. 1885</subfield></datafield></record>